<record><leader>00000cas a22000007a 4500</leader><controlfield tag="001">17692707</controlfield><controlfield tag="008">880329d18441853ohuwr ne      0    0eng d</controlfield><datafield ind1=" " ind2=" " tag="010"><subfield code="a">sn 88078390 </subfield></datafield><datafield ind1=" " ind2=" " tag="040"><subfield code="a">ONP</subfield><subfield code="b">eng</subfield><subfield code="c">ONP</subfield><subfield code="d">OCLCQ</subfield></datafield><datafield ind1=" " ind2=" " tag="042"><subfield code="a">msc</subfield></datafield><datafield ind1="0" ind2="0" tag="245"><subfield code="a">Holmes County Whig.</subfield></datafield><datafield ind1=" " ind2=" " tag="260"><subfield code="a">Millersburg [Ohio] :</subfield><subfield code="b">J. Caskey,</subfield><subfield code="c">1844-</subfield></datafield><datafield ind1=" " ind2=" " tag="310"><subfield code="a">Weekly</subfield></datafield><datafield ind1="0" ind2=" " tag="362"><subfield code="a">Vol. 1, no. 1 (Jan. 21, 1844)-</subfield></datafield><datafield ind1="1" ind2=" " tag="362"><subfield code="a">Ceased with Apr. 29, 1853 issue?</subfield></datafield><datafield ind1=" " ind2=" " tag="515"><subfield code="a">Suspended: May 13-June 19, 1847.</subfield></datafield><datafield ind1=" " ind2=" " tag="752"><subfield code="a">United States</subfield><subfield code="b">Ohio</subfield><subfield code="c">Holmes</subfield><subfield code="d">Millersburg.</subfield></datafield></record>